<?xml version="1.0" encoding="UTF-8"?><collection xmlns="http://www.loc.gov/MARC21/slim"><record><leader>00445nam--2200133-i-4500</leader><controlfield tag="001">000007417</controlfield><controlfield tag="002">20161230</controlfield><controlfield tag="005">20161230201027</controlfield><controlfield tag="008">060222s1000------------r-----000-0-eng-d</controlfield><datafield ind1=" " ind2=" " tag="100"><subfield code="a">Adams, N., Heard M.J., Holt, P.D</subfield></datafield><datafield ind1=" " ind2=" " tag="245"><subfield code="a">Film dosimetry practice with the a.e.r.e./ r.p.s. film holder:a collection of experimen- tal data</subfield></datafield><datafield ind1=" " ind2=" " tag="260"><subfield code="a">Harwell, Atomic Energy Research Establishment 1965 Ix + 53 P. + 24 Figuri</subfield></datafield><datafield ind1=" " ind2=" " tag="490"><subfield code="a">4669</subfield></datafield><datafield ind1=" " ind2=" " tag="852"><subfield code="a">22523</subfield></datafield></record></collection>